%% This BibTeX bibliography file was created using BibDesk.
%% http://bibdesk.sourceforge.net/

%% Created for Thoh Testarossa at 2017-05-24 20:08:45 +0800 


%% Saved with string encoding Unicode (UTF-8) 


@string{pub-aw = {Ad{\-d}i{\-s}on-Wes{\-l}ey}}

@string{pub-aw:adr = {Reading, MA, USA}}


@article{KarnagelVLDB2017,
	Author = {T.Karnagel and D.Habich and W.Lehner},
	Date-Added = {2017-05-21 08:34:56 +0000},
	Date-Modified = {2017-05-21 08:35:50 +0000},
	Journal = {Proc. VLDB Endow},
	Number = {7},
	Title = {Adaptive Work Placement for Query Processing on Heterogeneous Computing Resources},
	Volume = {10},
	Year = {2017}}

@article{heVLDB2014,
	Author = {J. He and S. Zhang and B. He},
	Date-Added = {2017-05-21 08:33:14 +0000},
	Date-Modified = {2017-05-21 08:34:22 +0000},
	Journal = {Proc. VLDB Endow},
	Month = {December},
	Number = {4},
	Pages = {329--340},
	Title = {In-cache query co-processing on coupled CPU-GPU architectures},
	Volume = {8},
	Year = {2014}}

@article{yuanVLDB2013,
	Author = {Y. Yuan and R. Lee and X. Zhang},
	Date-Added = {2017-05-21 08:31:01 +0000},
	Date-Modified = {2017-05-21 08:32:41 +0000},
	Journal = {Proc. VLDB Endow},
	Month = {August},
	Number = {10},
	Pages = {817--828},
	Title = {The yin and yang of processing data warehousing queries on gpu devices},
	Volume = {6},
	Year = {2013}}

@webpage{SAPHANA,
	Date-Added = {2017-05-21 08:29:56 +0000},
	Date-Modified = {2017-05-21 08:30:30 +0000},
	Title = {SAP-HANA official website},
	Url = {https://www.sap.com/product/technology-platform/hana.html},
	Bdsk-Url-1 = {https://www.sap.com/product/technology-platform/hana.html}}

@article{PlattnerSIGMOD2009,
	Author = {H. Plattner},
	Date-Added = {2017-05-21 08:27:52 +0000},
	Date-Modified = {2017-05-21 08:29:29 +0000},
	Journal = {SIGMOD},
	Title = {A Common Database Approach for OLTP and OLAP Using an In-Memory Column Database},
	Year = {2009}}

@article{HarinarayanSIGMOD1996,
	Author = {V.Harinarayan and A.Rajaraman and J.D.Ullman},
	Date-Added = {2017-05-21 08:26:38 +0000},
	Date-Modified = {2017-05-21 08:27:27 +0000},
	Journal = {SIGMOD},
	Title = {Implementing Data Cube Efficiently},
	Year = {1996}}

@article{ChaudhuriSIGMOD1997,
	Author = {S.Chaudhuri and U.Dayal},
	Date-Added = {2017-05-21 08:25:08 +0000},
	Date-Modified = {2017-05-21 08:26:02 +0000},
	Journal = {SIGMOD},
	Title = {An Overview of Data Warehousing and OLAP Technology},
	Year = {1997}}

@webpage{OLAP,
	Date-Added = {2017-05-21 08:24:04 +0000},
	Date-Modified = {2017-05-21 08:24:38 +0000},
	Title = {Wikipedia: OLAP},
	Url = {https://en.wikipedia.org/wiki/Online_analytical_processing},
	Bdsk-Url-1 = {https://en.wikipedia.org/wiki/Online_analytical_processing}}

@article{JohnsSIGMOD2016,
	Author = {P.Johns and J.He and B.He},
	Date-Added = {2017-05-21 08:21:31 +0000},
	Date-Modified = {2017-05-24 12:08:41 +0000},
	Journal = {SIGMOD},
	Title = {GPL: A GPU-based Pipelined Query Processing Engine},
	Year = {2016}}

@article{wangVLDB2014,
	Author = {K.Wang and K.Zhang and Y.Yuan and S.Ma and R.Lee and X.N.Ding and X.Zhang},
	Date-Added = {2017-05-21 08:19:27 +0000},
	Date-Modified = {2017-05-21 08:21:04 +0000},
	Journal = {Proc. VLDB Endow},
	Number = {11},
	Pages = {1011--1022},
	Title = {Concurrent Analytical Query Processing with GPUs},
	Volume = {7},
	Year = {2014}}

@article{heVLDB2011,
	Author = {B. He and J. X. Yu},
	Date-Added = {2017-05-21 07:48:19 +0000},
	Date-Modified = {2017-05-21 08:00:40 +0000},
	Journal = {Proc. VLDB Endow},
	Number = {5},
	Pages = {314--325},
	Title = {High-throughput transaction executions on graphics processors},
	Volume = {4},
	Year = {2011}}

@article{heACMTDS2009,
	Author = {B. He and M. Liu and K. Yang and R. Fang and N. Govindaraju and Q. Luo and P. Sander},
	Date-Added = {2017-05-21 07:46:21 +0000},
	Date-Modified = {2017-05-21 08:36:54 +0000},
	Journal = {ACM Transactions on Database Systems},
	Month = {December},
	Title = {Relational query coprocessing on graphics processors},
	Year = {2009}}

@article{heSIGMOD2008,
	Author = {B. He and K. Yang and R. Fang and M. Liu and N. Govindaraju and Q. Luo and P. Sander},
	Date-Added = {2017-05-21 07:35:25 +0000},
	Date-Modified = {2017-05-24 12:08:26 +0000},
	Journal = {SIGMOD},
	Pages = {511-524},
	Title = {Relational joins on graphics processors},
	Year = {2008}}

@webpage{cuda,
	Date-Added = {2017-05-21 07:30:08 +0000},
	Date-Modified = {2017-05-21 08:08:38 +0000},
	Title = {Wikipedia: CUDA},
	Url = {https://en.wikipedia.org/wiki/CUDA},
	Bdsk-Url-1 = {https://en.wikipedia.org/wiki/CUDA}}

@webpage{cudaofficial,
	Date-Added = {2017-05-21 07:29:55 +0000},
	Date-Modified = {2017-05-21 08:09:13 +0000},
	Title = {CUDA officical website},
	Url = {http://www.nvidia.com/object/cuda_home_new.html},
	Bdsk-Url-1 = {http://www.nvidia.com/object/cuda_home_new.html}}

@webpage{OpenCL,
	Date-Added = {2017-05-21 07:20:57 +0000},
	Date-Modified = {2017-05-21 08:09:30 +0000},
	Title = {Wikipedia: OpenCL},
	Url = {https://en.wikipedia.org/wiki/OpenCL},
	Bdsk-Url-1 = {https://en.wikipedia.org/wiki/OpenCL}}

@book{ManycoreShift,
	Address = {USA},
	Author = {Microsoft},
	Date-Added = {2017-05-21 06:43:49 +0000},
	Date-Modified = {2017-05-21 08:17:58 +0000},
	Month = {11},
	Publisher = {Microsoft Research},
	Title = {The Manycore Shift: Microsoft Parallel Computing Initiative Ushers Computing into the Next Era},
	Year = {2007}}
